<record><leader>00000cas a22000007a 4500</leader><controlfield tag="001">12921810</controlfield><controlfield tag="008">851216d1951195ualuwr ne      0    0eng d</controlfield><datafield ind1=" " ind2=" " tag="010"><subfield code="a">sn 85045132 </subfield></datafield><datafield ind1=" " ind2=" " tag="040"><subfield code="a">AAR</subfield><subfield code="b">eng</subfield><subfield code="c">AAR</subfield><subfield code="d">CPN</subfield><subfield code="d">OCLCQ</subfield></datafield><datafield ind1=" " ind2=" " tag="042"><subfield code="a">msc</subfield></datafield><datafield ind1="0" ind2="4" tag="245"><subfield code="a">The Covington dispatch.</subfield></datafield><datafield ind1=" " ind2=" " tag="260"><subfield code="a">Andalusia, Ala. :</subfield><subfield code="b">Mrs. W.F. Locke</subfield></datafield><datafield ind1=" " ind2=" " tag="300"><subfield code="a">v. :</subfield><subfield code="b">ill. ;</subfield><subfield code="c">45-60 cm.</subfield></datafield><datafield ind1=" " ind2=" " tag="310"><subfield code="a">Weekly</subfield></datafield><datafield ind1="1" ind2=" " tag="362"><subfield code="a">Began in 1951.</subfield><subfield code="z">Cf. Ayer, 1955.</subfield></datafield><datafield ind1=" " ind2=" " tag="500"><subfield code="a">Editors: Mrs. W.F. Locke and Marion A. Boyette, Jr.</subfield></datafield><datafield ind1=" " ind2=" " tag="588"><subfield code="a">Description based on: Vol. 1, no. 36 (Aug. 7, 1952).</subfield></datafield><datafield ind1=" " ind2=" " tag="752"><subfield code="a">United States</subfield><subfield code="b">Alabama</subfield><subfield code="c">Covington</subfield><subfield code="d">Andalusia.</subfield></datafield><datafield ind1="1" ind2=" " tag="029"><subfield code="a">AU@</subfield><subfield code="b">000025834555</subfield></datafield></record>